<record><leader>00000cas a22000007a 4500</leader><controlfield tag="001">1555024</controlfield><controlfield tag="008">750817d18921896mnuwr ne      0    0eng d</controlfield><datafield ind1=" " ind2=" " tag="010"><subfield code="a">sn 90057573 </subfield></datafield><datafield ind1=" " ind2=" " tag="040"><subfield code="a">MUL</subfield><subfield code="b">eng</subfield><subfield code="c">MUL</subfield><subfield code="d">OCL</subfield><subfield code="d">MN#</subfield><subfield code="d">OCLCQ</subfield><subfield code="d">OCLCF</subfield><subfield code="d">OCLCO</subfield></datafield><datafield ind1=" " ind2=" " tag="042"><subfield code="a">msc</subfield></datafield><datafield ind1=" " ind2=" " tag="043"><subfield code="a">n-us-mn</subfield></datafield><datafield ind1=" " ind2=" " tag="052"><subfield code="a">4144</subfield><subfield code="b">C65</subfield></datafield><datafield ind1=" " ind2=" " tag="052"><subfield code="a">4143</subfield><subfield code="b">W9</subfield></datafield><datafield ind1="0" ind2=" " tag="130"><subfield code="a">Commoner (Cokato, Minn.)</subfield></datafield><datafield ind1="1" ind2="4" tag="245"><subfield code="a">The commoner.</subfield></datafield><datafield ind1="1" ind2="3" tag="246"><subfield code="a">Commoner and Cokato observer</subfield></datafield><datafield ind1=" " ind2=" " tag="260"><subfield code="a">Cokato, Minn. :</subfield><subfield code="b">Harold W. Roll,</subfield><subfield code="c">-1896.</subfield></datafield><datafield ind1=" " ind2=" " tag="300"><subfield code="a">v.</subfield></datafield><datafield ind1=" " ind2=" " tag="310"><subfield code="a">Weekly</subfield></datafield><datafield ind1="1" ind2=" " tag="362"><subfield code="a">Began in Sept. 1892.</subfield></datafield><datafield ind1="0" ind2=" " tag="362"><subfield code="a">-v. 12, no. 28 (Mar. 27, 1896).</subfield></datafield><datafield ind1=" " ind2=" " tag="530"><subfield code="a">Available on microfilm from the Minnesota Historical Society.</subfield></datafield><datafield ind1=" " ind2=" " tag="588"><subfield code="a">Description based on: Vol. 9, no. 8 (Nov. 9, 1892).</subfield></datafield><datafield ind1=" " ind2="0" tag="651"><subfield code="a">Cokato (Minn.)</subfield><subfield code="v">Newspapers.</subfield></datafield><datafield ind1=" " ind2="7" tag="655"><subfield code="a">Newspapers.</subfield><subfield code="2">fast</subfield><subfield code="0">(OCoLC)fst01423814</subfield></datafield><datafield ind1=" " ind2="7" tag="651"><subfield code="a">Minnesota</subfield><subfield code="z">Cokato.</subfield><subfield code="2">fast</subfield><subfield code="0">(OCoLC)fst01207399</subfield></datafield><datafield ind1=" " ind2=" " tag="752"><subfield code="a">United States</subfield><subfield code="b">Minnesota</subfield><subfield code="c">Wright</subfield><subfield code="d">Cokato.</subfield></datafield><datafield ind1="0" ind2="0" tag="780"><subfield code="t">Cokato observer</subfield><subfield code="w">(DLC)sn 90057575</subfield></datafield><datafield ind1="0" ind2="0" tag="785"><subfield code="t">Cokato enterprise</subfield><subfield code="w">(DLC)sn 90057574</subfield></datafield></record>